@article{splay,
	AUTHOR=" D. D. Sleator AND R. E. Tarjan",
	TITLE="Self-Adjusting Binary Search Trees",
	JOURNAL="Journal of the Association for Computing Machinery",
	YEAR="1985",
	MONTH="July",
	VOLUME="32",
	PAGES="652--686",
}

@article{seq,
	AUTHOR="R. E. Tarjan",
	TITLE="Splaying a search tree in preorder takes linear time",
	JOURNAL="Combinatorica",
	VOLUME="5",
	ISSUE="4",
	PAGES="367--378",
	YEAR="1985",
}

@book{dsna,
	AUTHOR="R. E. Tarjan",
	TITLE="Data Structures and Network Algorithms",
	PUBLISHER="S.I.A.M.",
	ADDRESS="Philadelphia, Pa",
	YEAR="1983",
}

@article{amort,
	AUTHOR="R. E. Tarjan",
	TITLE="Amortized Computational Complexity",
	JOURNAL="S.I.A.M Journal of Applied Discrete Methods",
	VOLUME="6",
	PAGES="545--568",
	YEAR="1985",
}

@article{alm,
	AUTHOR="Brian Allen and Ian Munro",
	TITLE="Self-organizing binary search trees",
	JOURNAL="17th Annual Symposium on Foundations of Computer Science",
	PAGES="166-172",
	YEAR="1976",
}